
@comment{yfq kljhfq  mlkjf { qmlkfq mkhlfqs } kqdkdqk dk  



@sTRing{string={Information and Computation}}

@ARTICLE{(A)beloos1935,
  author = {Abeloos, M},
  title = {Diapause larvaire et éclosion chez le Coléoptère {<i>Timarcha<i>} tenebricosa.},
  journal = {C.R.Acad. Sci. (D)},
  year = {1935},
  volume = {200},
  pages = {2112-2114},
  note = striNG,
  groupsearch = {0},
}
